<?xml version="1.0" encoding="UTF-8"?><record xmlns="http://www.loc.gov/MARC21/slim" xmlns:cinclude="http://apache.org/cocoon/include/1.0" xmlns:zs="http://www.loc.gov/zing/srw/">
  <leader>00537nz  a2200133n  4500</leader>
  <controlfield tag="001">no2010153930</controlfield>
  <controlfield tag="003">DLC</controlfield>
  <controlfield tag="005">20100924075230.0</controlfield>
  <controlfield tag="008">100922n| acannaabn          |n aaa     c</controlfield>
  <datafield tag="010" ind1=" " ind2=" ">
    <subfield code="a">no2010153930</subfield>
  </datafield>
  <datafield tag="035" ind1=" " ind2=" ">
    <subfield code="a">(OCoLC)oca08632909</subfield>
  </datafield>
  <datafield tag="040" ind1=" " ind2=" ">
    <subfield code="a">UkOxU</subfield>
    <subfield code="b">eng</subfield>
    <subfield code="c">UkOxU</subfield>
  </datafield>
  <datafield tag="100" ind1="1" ind2=" ">
    <subfield code="a">Douglas, Alaster,</subfield>
    <subfield code="d">1964-</subfield>
  </datafield>
  <datafield tag="670" ind1=" " ind2=" ">
    <subfield code="a">How do secondary school subject departments contribute to the learning of student teachers?, 2009:</subfield>
    <subfield code="b">t.p. (Alaster Douglas; D.Phil. thesis, Univ. of Oxford; Linacre Coll.) thesis cat. inf. form (Alaster Scott Douglas; b. May 5, 1964)</subfield>
  </datafield>
</record>